<?xml version="1.0" encoding="UTF-8"?><collection xmlns="http://www.loc.gov/MARC21/slim"><record><leader>00624nam--2200133-i-4500</leader><controlfield tag="001">000046417</controlfield><controlfield tag="002">20161230</controlfield><controlfield tag="005">20161230201045</controlfield><controlfield tag="008">060222s1000------------r-----000-0-eng-d</controlfield><datafield ind1=" " ind2=" " tag="080"><subfield code="a">621.039.83(061.3):591(061.3)</subfield></datafield><datafield ind1=" " ind2=" " tag="245"><subfield code="a">Use of tritiated water in studies of production and adaptation in ruminants. results of five-year research co-ordination programme on water requirements in tropical herbivores org.by the joint fao/iaea division of atomic energy in food and agriculture and REPORTED AT A MEETING HELD IN NAIROBI FROM 2 TO 6 APRIL 1979</subfield></datafield><datafield ind1=" " ind2=" " tag="260"><subfield code="a">Vienna, Iaea, 1982, 218p</subfield></datafield><datafield ind1=" " ind2=" " tag="490"><subfield code="a">Panel Proc.Series</subfield></datafield><datafield ind1=" " ind2=" " tag="852"><subfield code="a">49915</subfield></datafield></record></collection>